<?xml version="1.0" encoding="UTF-8"?><collection xmlns="http://www.loc.gov/MARC21/slim"><record><leader>00400nam--2200133-i-4500</leader><controlfield tag="001">000001643</controlfield><controlfield tag="002">20161230</controlfield><controlfield tag="005">20161230201024</controlfield><controlfield tag="008">060222s1000------------r-----000-0-eng-d</controlfield><datafield ind1=" " ind2=" " tag="080"><subfield code="a">621.382.3</subfield></datafield><datafield ind1=" " ind2=" " tag="100"><subfield code="a">Giraud, Jean-louis</subfield></datafield><datafield ind1=" " ind2=" " tag="245"><subfield code="a">Modele mathematique du transistor m.o.s. soumis aux rayonnements de grande energie. these</subfield></datafield><datafield ind1=" " ind2=" " tag="260"><subfield code="a">Toulouse, Universite De Toulouse, 1970. 113 P</subfield></datafield><datafield ind1=" " ind2=" " tag="852"><subfield code="a">42226</subfield></datafield></record></collection>